@article{E_FFT_Spo2,
	title={Signal processing methods for pulse oximetry},
	author={Rusch, TL and Sankar, R and Scharf, JE},
	journal={Computers in biology and medicine},
	volume={26},
	number={2},
	pages={143--159},
	year={1996},
	publisher={Elsevier}
}

@article{B_reflectance_pulse_oximetry,
	title={Reflectance pulse oximetry: Practical issues and limitations},
	author={Lee, Hooseok and Ko, Hoon and Lee, Jinseok},
	journal={Ict Express},
	volume={2},
	number={4},
	pages={195--198},
	year={2016},
	publisher={Elsevier}
}


@book{A_OMS_informe,
	title={Informe Sobre la Situación Munidal de las Enfermedades no Transmisibles},
	author={Organización Mundial de la Salud},
	year={2014},
	publisher={Organización Mundial de la Salud}
}


@book{A_OMS_prevencion,
	title={Plan de Acción Mundial para la Prevención y el  Control de las Enfermedades no Transmisibles},
	author={Organización Mundial de la Salud},
	year={2013},
	publisher={Organización Mundial de la Salud}
}

@ARTICLE{A_webster_spo2,
	title={Blood Gas Measurements},
	journal={Encyclopedia of medical devices and instrumentation},
	author={Webster, John G},
	year={1990},
	publisher={John Wiley \& Sons, Inc.}
}


@ARTICLE{A_webster_home_care,
	title={Home Health Care Devices},
	journal={Encyclopedia of medical devices and instrumentation},
	author={Webster, John G},
	year={1990},
	publisher={John Wiley \& Sons, Inc.}
}

@article{A_telemedicina,
	title={Telemedicina: mejora de la calidad en la atenci{\'o}n de los pacientes cr{\'\i}ticos desde la fase prehospitalaria hasta el servicio de medicina intensiva},
	author={Murias, G and Sales, B and Garc{\'\i}a-Esquirol, O and Blanch, L},
	journal={Medicina intensiva},
	volume={34},
	number={1},
	pages={46--55},
	year={2010},
	publisher={SciELO Espana}
}

@book{E_Recomended_configurations_MAX30102_maxim,
	title={Recommended  Configurations  and  Operating  Profiles for  MAX30101/MAX30102  EV  Kits},
	author={Maxim Integrated},
	year={2018},
	publisher={Maxim Integrated}
}


@book{E_SNR_MAX30102,
	title={Application note 6410 signal-to-noise ratio as a quantitative measure for optical biosensors},
	author={Maxim Integrated},
	year={2017},
	publisher={Maxim Integrated}
}




@article{E_FFT_Spo2,
	title={Signal processing methods for pulse oximetry},
	author={Rusch, TL and Sankar, R and Scharf, JE},
	journal={Computers in biology and medicine},
	volume={26},
	number={2},
	pages={143--159},
	year={1996},
	publisher={Elsevier}
}

@article{E_psd_ppg,
	title={Analysis of Pulse Oximetry Signals through Statistical Signal Processing Techniques},
	author={Moon, Byungsool},
	journal={ECE 538 statistical signal processing 2004},
	publisher={Citeseer}
}

@inproceedings{F_iot_spo2_wrist,
	title={Design an IoT wrist-device for SpO2 measurement},
	author={Son, Lai Phuoc and Thu, Nguyen Thị Anh and Kien, Nguyen Trung},
	booktitle={2017 international conference on advanced technologies for communications (ATC)},
	pages={144--149},
	year={2017},
	organization={IEEE}
}


@article{G_There_is_no_such_thing_as_a_SpO2_simulator,
	title={There’s no such thing as a SpO2 simulator},
	author={McMahon, DJ},
	journal={Fluke Biomedical White Paper},
	year={2013}
}

@inproceedings{G_validacion_oximetro_texas_fluke,
	title={Development of a Pulse Oximeter for E-Health Applications},
	author={Do, Thai M and Nguyen, Nam P and Van Toi, Vo},
	booktitle={International Conference on the Development of Biomedical Engineering in Vietnam},
	pages={67--75},
	year={2018},
	organization={Springer}
}

@book{G_validacion_sensor_maxim,
	title={Guidelines for Spo2 Measurement Using the Maxim  Max32664 Sensor Hub - Application Note 6845},
	author={Maxim Integrated},
	year={2019},
	publisher={Maxim Integrated}
}

@article{G_oximetro_ijie,
	title={Design and Development of a portable Pulse Oximetry system},
	author={Zaltum, Mohamed A and Ahmad, M Shukri and Joret, Ariffuddin and Jamil, M Mahadi Abdul},
	journal={International Journal of Integrated Engineering},
	volume={2},
	number={3},
	year={2010}
}


@article{G_remote_monitoring.pdf,
	title={Advanced pulse oximetry system for remote monitoring and management},
	author={Pak, Ju Geon and Park, Kee Hyun},
	journal={Journal of Biomedicine and Biotechnology},
	volume={2012},
	year={2012},
	publisher={Hindawi}
}

@article{G_revision_oximetro,
	title={Pulse oximetry},
	author={Jubran, Amal},
	journal={Intensive care medicine},
	volume={30},
	number={11},
	pages={2017--2020},
	year={2004},
	publisher={Springer}
}

@inproceedings{E_spo2_wrist_machine_learning,
	title={WristO2: Reliable peripheral oxygen saturation readings from wrist-worn pulse oximeters},
	author={Phillips, Caleb and Liaqat, Daniyal and Gabel, Moshe and de Lara, Eyal},
	booktitle={2021 IEEE International Conference on Pervasive Computing and Communications Workshops and other Affiliated Events (PerCom Workshops)},
	pages={623--629},
	year={2021},
	organization={IEEE}
}

@ARTICLE{epidemologia_cardiologia,
  title={Arritmias Ventriculares y Muerte S{\'u}bita},
  author={Uribe}, 
  journal={Revista Colombiana de Cardiologia},
  volume={18},
  number={s1},
  pages={63--70},
  year={2011}
	file = {:C\:\\Users\\juan\\Desktop\\marco referencial\\literature_repository\\1 revista colombiana de cardiologia.pdf:PDF},
	publisher = {Elsevier}
}


@ARTICLE{uso_monitor_cardiaco,
	author = {Vogler, Julia and Breithardt, G{\"u}nter and Eckardt, Lars},
	title = {Bradiarritmias y bloqueos de la conducci{\'o}n},
	journal = {Revista Espa{\~n}ola de Cardiolog{\'\i}a},
	year = {2012},
	volume = {65},
	pages = {656--667},
	number = {7},
	file = {:C\:\\Users\\juan\\Desktop\\marco referencial\\literature_repository\\1 monitor cardiaco fibrilacion auricular.pdf:PDF},
	publisher = {Elsevier}
}


@article{utilidad_monitor_externo,
	title={Utilidad del monitor externo de eventos en el tratamiento del paciente con fibrilaci{\'o}n auricular},
	author={Mora-Pab{\'o}n, Guillermo},
	journal={Revista Colombiana de Cardiolog{\'\i}a},
	volume={23},
	pages={40--43},
	year={2016},
	publisher={Elsevier}
	file = {:C\:\\Users\\juan\\Desktop\\marco referencial\\literature_repository\\2 utilidad monitor externo.pdf:PDF},
	
}



@ARTICLE{artificial_intelligence,
	author = {Lim, Huey Woan and Hau, Yuan Wen and Lim, Chiao Wen and Othman, Mohd
	Afzan},
	title = {Artificial intelligence classification methods of atrial fibrillation
	with implementation technology},
	journal = {Computer Assisted Surgery},
	year = {2016},
	volume = {21},
	pages = {154--161},
	number = {sup1},
	file = {:C\:\\Users\\juan\\Desktop\\marco referencial\\literature_repository\\1 Artificial intelligence classification methods of atrial fibrillation with implementation technology.pdf:PDF},
	publisher = {Taylor \& Francis}
}

@BOOK{libro_senales_biomedicas,
	author = {Sornmo, L, Laguna, P},
	title = {Bioelectrical Signal Processing in Caridac and Neurological Aplications},
	
	journal = {Computer Assisted Surgery},
	year = {2011},
	volume = {1},
	
	number = {sup1},
	publisher = {Elsevier Academic Press}
}




@ARTICLE{monitores_externos,
	author = {Mittal, Suneet and Movsowitz, Colin and Steinberg, Jonathan S},
	title = {Ambulatory external electrocardiographic monitoring: focus on atrial
	fibrillation},
	journal = {Journal of the American College of Cardiology},
	year = {2011},
	volume = {58},
	pages = {1741--1749},
	number = {17},
	file = {:C\:\\Users\\juan\\Desktop\\marco referencial\\literature_repository\\2 monitores ecg ambulatorios externos.pdf:PDF},
	publisher = {Elsevier}
}

@article{clinica_monitoria_externa,
	title={Caracter{\'\i}sticas cl{\'\i}nicas de pacientes llevados a monitor{\'\i}a externa de eventos},
	author={Carvajal, Jos{\'e} J and Clavijo, Claudia and Bautista, Luis J and Mora, Guillermo},
	journal={Revista Colombiana de Cardiolog{\'\i}a},
	volume={21},
	number={5},
	pages={278--283},
	year={2014},
	file = {:C\:\\Users\\juan\\Desktop\\marco referencial\\literature_repository\\2 clinica monitoria exerna .pdf:PDF},
	publisher={Elsevier}
}

@ARTICLE{monitorizacion_ambulatoria,
	
	author = {Zimetbaum, Peter and Goldman, Alena},
	title = {Ambulatory Arrhythmia Monitoring},
	volume = {122},
	number = {16},
	pages = {1629--1636},
	year = {2010},
	
	publisher = {American Heart Association, Inc.},
	issn = {0009-7322},
	
	eprint = {http://circ.ahajournals.org/content/122/16/1629.full.pdf},
	journal = {Circulation}
}


@article{eia_holter,
	title={Desarrollo de un Holter digital con grabaci{\'o}n de eventos y software de visualizaci{\'o}n},
	author={Villa-Rodr{\'\i}guez, Leonardo and Lemos-Duque, Juan Diego and others},
	year={2014},
	publisher={Escuela de Ingenieria de Antioquia},
	file = {:C\:\\Users\\juan\\Desktop\\marco referencial\\literature_repository\\2 eia_holter.pdf:PDF},
	journal = {Revista ingenieria biomedica}
	
}



@article{embedded_rpi,
	title={DESIGN AND IMPLEMENTATION OF AN EMBEDDED SYSTEM TO ANALYSIS AN ECG SIGNAL FOR HEART DIAGNOSIS SYSTEM},
	author={Basaif, Azmi A and Aljunid, SA and Sabri, Naseer and Omer, M Iqbal and Salim, MS},
	journal={Journal of Theoretical and Applied Information Technology},
	volume={91},
	number={2},
	pages={289},
	year={2016},
	publisher={Journal of Theoretical and Applied Information}
}


@article{comparacion_holter_monitor,
	title={Is ambulatory monitoring f},
	author={Rockx, Marie Antoinette and Hoch, Jeffrey S and Klein},
	journal={American heart journal},
	volume={150},
	number={5},
	pages={1065--e1},
	year={2005},
	publisher={Elsevier}
}



@article{characterization_electrocardiogram,
	title={Current methods in electrocardiogram characterization},
	author={Martis, Roshan Joy and Acharya, U Rajendra and Adeli, Hojjat},
	journal={Computers in biology and medicine},
	volume={48},
	pages={133--149},
	year={2014},
	publisher={Elsevier}
}

@book{tesis_fibrilacion_ventricular,
	title={Desarrollo de t{\'e}cnicas de detecci{\'o}n de fibrilaci{\'o}n ventricular basadas en algoritmos tiempo-frecuencia},
	author={Munoz, Alfredo Rosado and Mompe{\'a}n, Manuel Bataller},
	year={2000},
	publisher={Universitat de Val{\`e}ncia}
}


@article{arrhythmia_astronauts,
	title={Evaluation of Classification Techniques for Arrhythmia Screening of Astronauts},
	author={Deepthi, S and Ravikumar, Aswathy and Nair, R Vikraman},
	journal={Procedia Technology},
	volume={24},
	pages={1232--1239},
	year={2016},
	publisher={Elsevier}
}



@article{clasificacion_pvc_no_supervizado,
title={Clasificaci{\'o}n de latidos de contracci{\'o}n ventricular prematura basados en m{\'e}todos de aprendizaje no supervisado},
author={Rodriguez, CA and Gallego, JH and Mora, Iv{\'a}n Dar{\'\i}o and Orozco-Duque, A and Bustamante, John},
journal={Revista Ingenier{\'\i}a Biom{\'e}dica},
volume={8},
number={15},
pages={51},
year={2014},
publisher={Escuela de Ingenier{\'\i}a de Antioquia, Sede de Las Palmas}
}


@conference{comparacion_caracteristicas_afib,
	author={Diana Batista and Ana Fred},
	title={Spectral and Time Domain Parameters for The Classification of Atrial Fibrillation},
	booktitle={Proceedings of the International Conference on Bio-inspired Systems and Signal Processing - Volume 1: BIOSIGNALS, (BIOSTEC 2015)},
	year={2015},
	pages={329-337},
	doi={10.5220/0005283403290337},
	isbn={978-989-758-069-7},
}


@article{wavelet_svm_afib,
	title={Automatic detection of atrial fibrillation using stationary wavelet transform and support vector machine},
	author={Asgari, Shadnaz and Mehrnia, Alireza and Moussavi, Maryam},
	journal={Computers in biology and medicine},
	volume={60},
	pages={132--142},
	year={2015},
	publisher={Elsevier}
}


@article{ica_bayes_gmm_afib,
	title={Automated detection of atrial fibrillation using Bayesian paradigm},
	author={Martis, Roshan Joy and Acharya, U Rajendra and Prasad, Hari and Chua, Chua Kuang and Lim, Choo Min},
	journal={Knowledge-Based Systems},
	volume={54},
	pages={269--275},
	year={2013},
	publisher={Elsevier}
}

@article{temp_svm_afib,
	title={ECG based prediction of Atrial Fibrillation using Support Vector Classifier},
	author={Sovilj, Sini{\v{s}}a and Rajsman, Gordana and Magjarevi{\'c}, Ratko},
	journal={AUTOMATIKA: {\v{c}}asopis za automatiku, mjerenje, elektroniku, ra{\v{c}}unarstvo i komunikacije},
	volume={52},
	number={1},
	pages={58--67},
	year={2011},
	publisher={KoREMA-Hrvatsko dru{\v{s}}tvo za komunikacije, ra{\v{c}}unarstvo, elektroniku, mjerenja i automatiku}
}


@article{wavelet_svm_ann_afib,
	title={Machine learning evaluation in paf prediction},
	author={Anwar, Ashraf},
	journal={Journal of Global Research in Computer Science},
	volume={3},
	number={2},
	pages={5--10},
	year={2014}
}


@article{caracterizacion_ecg,
	title={Current methods in electrocardiogram characterization},
	author={Martis, Roshan Joy and Acharya, U Rajendra and Adeli, Hojjat},
	journal={Computers in biology and medicine},
	volume={48},
	pages={133--149},
	year={2014},
	publisher={Elsevier}
}

@article{hybrid_classifier,
	title={ECG arrhythmia recognition via a neuro-SVM--KNN hybrid classifier with virtual QRS image-based geometrical features},
	author={Homaeinezhad, Mohammad R and Atyabi, SA and Tavakkoli, E and Toosi, Hamid Najjaran and Ghaffari, Ali and Ebrahimpour, Reza},
	journal={Expert Systems with Applications},
	volume={39},
	number={2},
	pages={2047--2058},
	year={2012},
	publisher={Elsevier}
}

@article{hybrid_engine,
	title={Hybrid classification engine for cardiac arrhythmia cloud service in elderly healthcare management},
	author={Chen, Huan and Cheng, Bo-Chao and Liao, Guo-Tan and Kuo, Ting-Chun},
	journal={Journal of Visual Languages \& Computing},
	volume={25},
	number={6},
	pages={745--753},
	year={2014},
	publisher={Elsevier}
}

@article{hybrid_astronauts,
	title={Evaluation of Classification Techniques for Arrhythmia Screening of Astronauts},
	author={Deepthi, S and Ravikumar, Aswathy and Nair, R Vikraman},
	journal={Procedia Technology},
	volume={24},
	pages={1232--1239},
	year={2016},
	publisher={Elsevier}
}

@article{embedded_arm_afib,
	title={Implementation of a portable device for real-time ECG signal analysis},
	author={Jeon, Taegyun and Kim, Byoungho and Jeon, Moongu and Lee, Byung-Geun},
	journal={Biomedical engineering online},
	volume={13},
	number={1},
	pages={160},
	year={2014},
	publisher={BioMed Central}
}

@conference{SVM_ANN_EMBEDDED,
	author={Andrés Orozco-Duque and Santiago Rúa and Santiago Zuluaga and Alfredo Redondo and Jose V. Restrepo and John Bustamante},
	title={Support Vector Machine and Artificial Neural Network Implementation in Embedded Systems for Real Time Arrhythmias Detection},
	booktitle={Proceedings of the International Conference on Bio-inspired Systems and Signal Processing - Volume 1: BIOSIGNALS, (BIOSTEC 2013)},
	year={2013},
	pages={310-313},
	doi={10.5220/0004232003100313},
	isbn={978-989-8565-36-5},
}

@article{Fpga_arrythmia,
	title={A knowledge-based real time embedded platform for arrhythmia beat classification},
	author={Raj, Sandeep and Maurya, Kshitij and Ray, Kailash Chandra},
	journal={Biomedical Engineering Letters},
	volume={5},
	number={4},
	pages={271--280},
	year={2015},
	publisher={Springer}
}

@article{concepto_computadorplacareducida,
	title={The single board computer: A practical alternative to a custom designed microsystem},
	author={Braun, Paul A and Moss, Randy H and Stigall, Paul D},
	journal={Computers \& electrical engineering},
	volume={12},
	number={3-4},
	pages={109--118},
	year={1986},
	publisher={Elsevier}
}

@article{handheld_arm_cardiac_event_monitor,
	title={Development of Handheld Cardiac Event Monitoring System},
	author={Raj, Sandeep and Luthra, Sunny and Ray, Kailash Chandra},
	journal={IFAC-PapersOnLine},
	volume={48},
	number={4},
	pages={71--76},
	year={2015},
	publisher={Elsevier}
}

@inproceedings{android_arrhythmia,
	title={Comparison of real-time classification systems for arrhythmia detection on Android-based mobile devices},
	author={Leutheuser, Heike and Gradl, Stefan and Kugler, Patrick and Anneken, Lars and Arnold, Martin and Achenbach, Stephan and Eskofier, Bjoern M},
	booktitle={Engineering in Medicine and Biology Society (EMBC), 2014 36th Annual International Conference of the IEEE},
	pages={2690--2693},
	year={2014},
	organization={IEEE}
}

@ARTICLE{physiobank,
	title={Physiobank, physiotoolkit, and physionet},
	author={Goldberger, Ary L and Amaral, Luis AN and Glass, Leon and Hausdorff, Jeffrey M and Ivanov, Plamen Ch and Mark, Roger G and Mietus, Joseph E and Moody, George B and Peng, Chung-Kang and Stanley, H Eugene},
	journal={Circulation},
	volume={101},
	number={23},
	pages={e215--e220},
	year={2000},
	publisher={Am Heart Assoc}
}


@inproceedings{comparacion_caracteristicas_afib,
	title={Spectral and Time Domain Parameters for The Classification of Atrial Fibrillation.},
	author={Batista, Diana and Fred, Ana LN},
	booktitle={BIOSIGNALS},
	pages={329--337},
	year={2015}
}


@article{monitor_cardiaco_fibrilacion_auricular,
	title={Uso del monitor cardiaco implantable en fibrilaci{\'o}n auricular},
	author={Vanegas-Cadavid, Diego Ignacio},
	journal={Revista Colombiana de Cardiolog{\'\i}a},
	volume={23},
	pages={34--39},
	year={2016},
	publisher={Elsevier}
}


@article{teoria_wavelet,
	title={Wavelet Toolbox Computation Visualization Programming User's Guide Version 1, 626 p{\'a}ginas, MathWorks},
	author={Misiti, Michel and Misiti, Yves and Oppenheim, Georges and Poggi, Jean Michel},
	publisher={Inc},
	year={1996}
}
@ARTICLE{Rodriguez2011,
	author = {Rodr{\'\i}guez, Leonardo Villa and Duque, Juan Diego Lemos},
	title = {DESARROLLO DE UN HOLTER DIGITAL CON GRABACI{\'O}N DE EVENTOS Y SOFTWARE
	DE VISUALIZACI{\'O}N-Develoment of a digital holter with events recording
	and software display},
	journal = {Revista Ingenier{\'\i}a Biom{\'e}dica},
	year = {2011},
	volume = {4},
	pages = {30--38},
	number = {7},
	file = {:C\:\\Users\\juan\\Desktop\\marco referencial\\literature_repository\\HOLTER referencias.pdf:PDF}
}



@article{bases_datos,
	doi	= {10.1109/51.932724},
	title	= {The impact of the MIT-BIH Arrhythmia Database},
	author	= {Moody, G.B.; Mark, R.G.},
	publisher	= {IEEE},
	journal	= {IEEE Engineering in Medicine and Biology Magazine},
	issnp	= {0739-5175},
	year	= {2001},
	volume	= {20},
	issue	= {3},
	page	= {45--50},
	url =       {http://gen.lib.rus.ec/scimag/index.php?s=10.1109/51.932724},
}

@article{journal_afib,
	title={Cryptogenic Stroke And Role Of Loop Recorder},
	author={P{\'e}rez-Rodon, Jordi and Francisco-Pascual, Jaume and Rivas-G{\'a}ndara, Nuria and Roca-Luque, Ivo and Bellera, Neus and Moya-Mitjans, {\`A}ngel},
	journal={Journal of Atrial Fibrillation},
	volume={7},
	number={4},
	year={2014},
	publisher={CardioFront, LLC}
}

@inproceedings{rpi2,
	title={Raspberry Pi 2 B+ GPU Power, Performance, and Energy Implications},
	author={He, Qihao and Segee, Bruce and Weaver, Vincent},
	booktitle={Computational Science and Computational Intelligence (CSCI), 2016 International Conference on},
	pages={163--167},
	year={2016},
	organization={IEEE}
}

@inproceedings{pc_10latidos_intervalosRR_svm,
	title={A Support Vector Machine approach for reliable detection of atrial fibrillation events},
	author={Colloca, Roberta and Johnson, Alistair EW and Mainardi, Luca and Clifford, Gari D},
	booktitle={Computing in Cardiology Conference (CinC), 2013},
	pages={1047--1050},
	year={2013},
	organization={IEEE}
}

@article{mamaghani2014entropy,
	title={Entropy \& Frequency Analysis of New Electrocardiogram Lead Placement for Atrial Fibrillation Detection},
	author={Mamaghani, Baabak and Sterling, Mark and Gruendike, Donna and Hamer, Mark and Ghoraani, Behnaz},
	year={2014}
}